UNE:+,
UNB+UNOC:2+5790000243440:14+5798000016446:14+210429:1321+210429U001+++++248348'
UNH+1+CREMUL:D:96A:UN'
BGM+X1+210429132119175'
DTM+137:20210429:102'
LIN+1+++:1'
DTM+202:20210429:102'
DTM+209:20210429:102'
BUS++DO++IBK'
MOA+60:1536,00:DKK'
RFF+KRE:81450536'
RFF+ACK:3015202103251944312918'
FII+BF+9999999999'
SEQ++1'
DTM+202:20210429:102'
DTM+193:20210429:102'
FII+BF'
RFF+BID:0000100022509258946'
RFF+KAK:71'
MOA+98:512,00:DKK'
SEQ++2'
DTM+202:20210429:102'
DTM+193:20210429:102'
FII+BF'
RFF+BID:0000100022669565569'
RFF+KAK:71'
MOA+98:1024,00:DKK'
UNT+26+1'
UNZ+1+210429U001'
